@online{fmnist,
  author       = {Han Xiao and Kashif Rasul and Roland Vollgraf},
  title        = {Fashion-MNIST: a Novel Image Dataset for Benchmarking Machine Learning Algorithms},
  date         = {2017-08-28},
  year         = {2017},
  eprintclass  = {cs.LG},
  eprinttype   = {arXiv},
  eprint       = {cs.LG/1708.07747},
}

@inproceedings{fish_dataset,
  title={A Large-Scale Dataset for Fish Segmentation and Classification},
  author={Ulucan, Oguzhan and Karakaya, Diclehan and Turkan, Mehmet},
  booktitle={2020 Innovations in Intelligent Systems and Applications Conference (ASYU)},
  pages={1--5},
  year={2020},
  organization={IEEE}
}
